<?xml version="1.0" encoding="UTF-8"?><collection xmlns="http://www.loc.gov/MARC21/slim"><record><leader>00465nam--2200193-u-4500</leader><controlfield tag="001">000053362</controlfield><controlfield tag="002">20161230</controlfield><controlfield tag="005">20161230201051</controlfield><controlfield tag="008">110316s1000------------r-----000-0-rum-d</controlfield><datafield ind1=" " ind2=" " tag="020"><subfield code="a">9738150574</subfield></datafield><datafield ind1=" " ind2=" " tag="040"><subfield code="a">IFIN-HH</subfield></datafield><datafield ind1=" " ind2=" " tag="041"><subfield code="a">rum</subfield></datafield><datafield ind1=" " ind2=" " tag="080"><subfield code="a">531:536:537</subfield></datafield><datafield ind1="1" ind2=" " tag="100"><subfield code="a">Simaciu, Ion</subfield></datafield><datafield ind1="1" ind2="0" tag="245"><subfield code="a">Fizica</subfield><subfield code="c">Ion simaciu</subfield></datafield><datafield ind1=" " ind2=" " tag="260"><subfield code="a">Ploiesti</subfield><subfield code="b">Editura Universitatii Din Ploiesti</subfield><subfield code="c">2002</subfield></datafield><datafield ind1=" " ind2=" " tag="300"><subfield code="a">265P</subfield></datafield><datafield ind1=" " ind2=" " tag="852"><subfield code="a">81575</subfield><subfield code="c">53</subfield></datafield><datafield ind1=" " ind2=" " tag="CAT"><subfield code="a">Sys</subfield><subfield code="c">20110316</subfield><subfield code="h">082632</subfield></datafield></record></collection>